


%tabla

@misc{tabla,
    title="LOG DISTANCE PATH LOSS OR LOG
    NORMAL SHADOWING MODEL",
    howpublished="\url{https://www.idc-online.com/technical_references/pdfs/electronic_engineering/Log_Distance_Path_Loss_or_Log_Normal_Shadowing_Model.pdf}"
}

@misc{efect,
    title="Efecto Doppler, absorción, reflexión, refracción, transmisión, difracción, eco y reverberación",
    howpublished="\url{https://www.ehu.eus/acustica/bachillerato/feaces/feaces.html}"
}

@misc{shadow,
    title="Fading y Shadowing",
    howpublished="\url{https://es.scribd.com/document/289048732/Fading-y-Shadowing}"
}